@Article{Nikhil2011,
	author = "Nikhil Yadav",
	title = "Android Development Tutorial",
	year = "2011"
}
@Article{Kartik2014,
	author = "Kartik Sankaran",
	title = "Android Concepts and Programming",
	year = "2014"
}
@Article{Yann2008,
	author = "Yann D'Isanto",
	title = "Introduction au SDK Android",
	year = " 2008"
}
@Article{Alejandro2000,
	author = "Alejandro Ramirez and Philippe Vanpeperstraete and Andreas Rueckert and Kunle Odutola and Jeremy Bennett and Linus Tolke and Michiel van der Wulp",
	title = "ArgoUML User Manual",
	year = " 2000"
}
@Article{Williamann-BellInc,
	author = "williamann-Bell",
	title = "ASTRONOMICAL ALGORITHMS",
	year = " 1991"
}