@PhdThesis{Ahmed2012,
author = {Ahmed HOUSEIN},
title = {Surveillance et Diagnostic de pannes des panneaux photovoltaïques},
school = {Université de Corse-Pascal Paoli},
year = {2012},
OPTaddress = {Ecole Doctorale Environnement et Société - UMR CNRS 6134 (SPE)},
OPTmonth = {novembre}
}
@InProceedings{Schirone94,
author = {L. Schirone and F. P. Califano},
title = {Fault finding in a 1 MW photovoltaic plant by reflectometry},
booktitle = {Photovoltaic Energy Conversion},
OPTcrossref = {Conference Record of the Twenty Fourth},
OPTpages = {846 849},
OPTyear = {1994},
OPTeditor = {IEEE Photovoltaic Specialists Conference}
}
@Book{Cornillon2011,
author = {P. Cornillon and E. Matzner-Lober},
editor = {Springer Paris Berlin Heidelberg New York},
title = {Régression avec R},
publisher = {Springer-Verlag France},
chapter = {Méthode des moindres carrés},
year = {2011},
address = {Département MASS Université Rennes-2-Haute-Bretagne France},
pages = {157-168},
isbn = {ISBN : 978-2-8178-0183-4}
}
@Article{Lasnier80,
	author = "F. Lasnier and T.G. Ang",
	isbn = "ISBN 0-85274-311-4",
	journal = "IOP Publishing Ltd",
	title = "Photovoltaic Engineering Handbook",
	year = "1980"
}
@Article{Bun2011,
author = {L. Bun and B. Raison and G. Rostaing and S. Bacha and A. Rumeau and al },
title = {Development of a Real Time Photovoltaic Simulator in Normal and Abnormal Operations},
journal = {IECON 2011},
year = {2011},
}
@Article{Bishop1988,
	author = {J. W. Bishop},
	title = {Computer simulation of the effects of electrical mismatches in 	photovoltaiccellinterconnection circuits
},
	journal = {Solar Cells },
	year = {1988},
	OPTpages = {73-89},
}
@Article{Herrmann2006,
	author = {M. C. Alonso-García and J. M. Ruiz and W. Herrmann},
	title = {Computer simulation of shading effects in photovoltaic arrays},
	journal = {Renewable Energy},
	year = {2006},
	OPTvolume = {31},
	OPTpages = {1986-1993},
}
@TechReport{Goetzberger1998,
	author = {A. Goetzberger and J. Knobloch and B. Vo\ss},
	title = {Crystalline silicon solar cells},
	institution = {John Wiley \& Sons},
	year = {1998}
}
@Article{Kessaissia2015,
	author = {F.Z. Kessaissia and A. Zegaoui and A. Hadj Arab and L. Loukarfi and M. Aillerie},
	title = {Comparison of Two PV Modules Technologies Using Analytical and Experimental 		Methods},
	journal = {Energy Procedia},
	year = {2015},
	OPTvolume = {74},
	OPTpages = {389-397},
}
@Article{Maa16,
	author = {J. Maa and Z. Bia and T. O.Tingb and S.Haoc and W.Haoa},
	title = {Comparative performance on photovoltaic model parameter identification via bio-inspired algorithms},
	journal = {Solar Energy},
	year = {2016},
	OPTvolume = {132},
	OPTpages = {606-6016},
}
@phdthesis{Angel06,
	author = "Angel Cid Pastor",
	booktitle = "Th{\`e}se de docteur",
	school = "Institut National des Sciences Appliqu{\'e}es de Toulouse",
	title = "Conception et r{\'e}alisation de modules photovoltaïques {\'e}lectroniques ",
	year = "2006"
}

@article{Donque71,
	author = "G. Donque",
	journal = "Revue de Geographie",
	title = "Ébauche de la Classification des climats de Madagascar selon les Critères de Köppen",
	pages ="107-121",
	year = "1971"
}

@phdthesis{Navarro08,
	author = "Navarro, Jos{\'e} Miguel",
	booktitle = "Th{\`e}se de doctorat",
	school = "Universit{\'e} Toulouse III - Paul Sabatier",
	title = "Cellules Photovoltaïques Organiques Transparentes Dans Le Visible",
	year = "2008"
}

@phdthesis{Bun11,
	author = "Long Bun",
	booktitle = "{Thèse de doctorat}",
	month = nov,
	school = "Université de Grenoble",
	title = "{Détection et localisation de défauts dans un système photovoltaïque}",
	year = "2011"
}

@inproceedings{Kaushika03,
	author = "N. D. Kaushika and N. K. Gautam ",
	booktitle = "Energy Conversion, IEEE Transactions", 
	pages = "127-134",
	title = "{Energy yield simulations of interconnected solar PV arrays}",
	volume = "18",
	year = "2003"
}

@article{Damien10,
	author = "Damien Picault and Bertrand Raison and Seddik Bacha and Jorge Aguilera and Juan De La Casa",
	title = "Changing photovoltaic array interconnections to reduce mismatch losses: a case study",
	journal = "Environment and Electrical Engineering (EEEIC), 2010 9th International Conference on",
	pages = "37-40",
	year = "2010",
	isbn = "ISBN 978-1-4244-5371-9",
}

@article{Fadat05,
	author = "J. Fadat",
	title = "Chaîne de Conversion d’Energie Photovoltaïque, Commande MPPT",	
	journal = "Revue 3EI, N°43",
    year={2005},
    publisher={ESIEE-Amiens},
    address={France},
}

@book{Mansour11,
	author="Mansour Assani Dahouenon",
	title="Le manuel du technicien photovoltaïque",
	publisher={PERACOD},
	address={Dakar},
	year="2011",
}

@article{Wang11,
title = "An investigation on partial shading of \{PV\} modules with different connection configurations of \{PV\} cells ",
journal = "Energy ",
volume = "36",
number = "5",
pages = "3069 - 3078",
year = "2011",
note = "",
issn = "0360-5442",
doi = "http://dx.doi.org/10.1016/j.energy.2011.02.052",
url = "http://www.sciencedirect.com/science/article/pii/S0360544211001484",
author = "Yaw-Juen Wang and Po-Chun Hsu",
keywords = "Connection configurations",
keywords = "Partial shading",
keywords = "Photovoltaic cells",
keywords = "Solar energy "
}

@article{Pareek14,
title = "Output Power Maximization of Partially Shaded 4*4 \{PV\} Field by Altering its Topology ",
journal = "Energy Procedia ",
volume = "54",
number = "0",
pages = "116 - 126",
year = "2014",
note = "4th International Conference on Advances in Energy Research (ICAER 2013) ",
issn = "1876-6102",
doi = "http://dx.doi.org/10.1016/j.egypro.2014.07.254",
url = "http://www.sciencedirect.com/science/article/pii/S187661021401131X",
author = "Smita Pareek and Ratna Dahiya",
keywords = "Array",
keywords = "Mismatch Losses",
keywords = "Partial Shading",
keywords = "Topology ",
}

@article{Murtaza14,
title = "A maximum power point tracking technique based on bypass diode mechanism for \{PV\} arrays under partial shading ",
journal = "Energy and Buildings ",
volume = "73",
number = "0",
pages = "13 - 25",
year = "2014",
note = "",
issn = "0378-7788",
doi = "http://dx.doi.org/10.1016/j.enbuild.2014.01.018",
url = "http://www.sciencedirect.com/science/article/pii/S0378778814000565",
author = "Ali Murtaza and Marcello Chiaberge and Filippo Spertino and Diego Boero and Mirko De Giuseppe",
keywords = "Photovoltaic (PV)",
keywords = "Maximum power point tracking (MPPT)",
keywords = "Partial shading effects",
keywords = "Bypass diodes "
}
@article{Zheng14,
title = "Shading and bypass diode impacts to energy extraction of \{PV\} arrays under different converter configurations ",
journal = "Renewable Energy ",
volume = "68",
number = "0",
pages = "58 - 66",
year = "2014",
note = "",
issn = "0960-1481",
doi = "http://dx.doi.org/10.1016/j.renene.2014.01.025",
url = "http://www.sciencedirect.com/science/article/pii/S0960148114000548",
author = "Huiying Zheng and Shuhui Li and Rajab Challoo and Julio Proano",
keywords = "Solar photovoltaic system",
keywords = "Uneven shading",
keywords = "Central converter",
keywords = "String converter",
keywords = "Microinverter",
keywords = "Bypass diode "
}
@article{Silvestre09,
title = "Study of bypass diodes configuration on PV modules ",
journal = "Applied Energy ",
volume = "86",
number = "9",
pages = "1632 - 1640",
year = "2009",
note = "",
issn = "0306-2619",
doi = "http://dx.doi.org/10.1016/j.apenergy.2009.01.020",
url = "http://www.sciencedirect.com/science/article/pii/S0306261909000269",
author = "S. Silvestre and A. Boronat and A. Chouder",
keywords = "Bypass diodes",
keywords = "Hot spot",
keywords = "Modelling",
keywords = "Simulation",
keywords = "PV modules "
}

@book{Saminiriana14,
title = "Etude sur l'énergi à Madagascar",
author = "Amélie VONINIRINA and Saminirina ANDRIAMBELOSOA",
month ="janvier",
publisher={Centre de rechers, d'études et d'apui à l'analyse économique à Madagascar},
year = "2014",
}

@article{Patsalides2016526,
title = "A generic transient \{PV\} system model for power quality studies ",
journal = "Renewable Energy ",
volume = "89",
number = "",
pages = "526 - 542",
year = "2016",
note = "",
issn = "0960-1481",
doi = "http://dx.doi.org/10.1016/j.renene.2015.12.003",
url = "http://www.sciencedirect.com/science/article/pii/S0960148115305073",
author = "Minas Patsalides and Venizelos Efthymiou and Andreas Stavrou and George E. Georghiou",
keywords = "\{PV\} systems",
keywords = "Power quality",
keywords = "PV system model",
keywords = "Transient studies",
keywords = "Balanced/unbalanced conditions",
keywords = "Harmonics ",
}
@article{Barth201687,
title = "\{PV\} panel single and double diode models: Optimization of the parameters and temperature dependence ",
journal = "Solar Energy Materials and Solar Cells ",
volume = "148",
number = "",
pages = "87 - 98",
year = "2016",
note = "Solar Cells and Storage ",
issn = "0927-0248",
doi = "http://dx.doi.org/10.1016/j.solmat.2015.09.003",
url = "http://www.sciencedirect.com/science/article/pii/S0927024815004365",
author = "Nicolas Barth and Raka Jovanovic and Saïd Ahzi and Mohammad A. Khaleel",
keywords = "Photovoltaics (PV)",
keywords = "Evolutionary algorithms",
keywords = "PV cell electrical parameters extraction",
keywords = "Temperature effects",
keywords = "Particle swarm optimization (PSO)",
keywords = "Cuckoo search (CS) ",
}
@article{Charfi2016,
title = "Modeling and cost analysis for different PV/battery/diesel operating options driving a load in Tunisia, Jordan and \{KSA\} ",
journal = "Sustainable Cities and Society ",
volume = "",
number = "",
pages = " - ",
year = "2016",
note = "",
issn = "2210-6707",
doi = "http://dx.doi.org/10.1016/j.scs.2016.02.006",
url = "http://www.sciencedirect.com/science/article/pii/S2210670716300191",
author = "Sana Charfi and Ahmad Atieh and Maher Chaabene",
keywords = "Battery storage",
keywords = "Diesel generator",
keywords = "PV",
keywords = "Renewable energy sources modeling",
keywords = "Renewable energy system cost analysis "
}

@article{Liu2011,
title = "A general modeling method for I–V characteristics of geometrically and electrically configured photovoltaic arrays ",
journal = "Energy Conversion and Management ",
volume = "52",
number = "12",
pages = "3439 - 3445",
year = "2011",
note = "",
issn = "0196-8904",
doi = "http://dx.doi.org/10.1016/j.enconman.2011.07.011",
url = "http://www.sciencedirect.com/science/article/pii/S0196890411002020",
author = "Guangyu Liu and Sing Kiong Nguang and Ashton Partridge",
keywords = "Modeling",
keywords = "Photovoltaic",
keywords = "Mismatch",
keywords = "Variability ",
}
@article{Alonso2006,
title = "Analysis and modelling the reverse characteristic of photovoltaic cells ",
journal = "Solar Energy Materials and Solar Cells ",
volume = "90",
number = "7–8",
pages = "1105 - 1120",
year = "2006",
note = "",
issn = "0927-0248",
doi = "http://dx.doi.org/10.1016/j.solmat.2005.06.006",
url = "http://www.sciencedirect.com/science/article/pii/S0927024805002199",
author = "M.C. Alonso-García and J.M. Ruiz",
keywords = "Characterisation",
keywords = "Modelling",
keywords = "Reverse-bias",
keywords = "Hot-spot ",
}