@PhdThesis{Ahmed2012,
author = {Ahmed HOUSEIN},
title = {Surveillance et Diagnostic de pannes des panneaux photovoltaïques},
school = {Université de Corse-Pascal Paoli},
year = {2012},
OPTaddress = {Ecole Doctorale Environnement et Société - UMR CNRS 6134 (SPE)},
OPTmonth = {novembre}
}
@InProceedings{Schirone94,
author = {L. Schirone and F. P. Califano},
title = {Fault finding in a 1 MW photovoltaic plant by reflectometry},
booktitle = {Photovoltaic Energy Conversion},
OPTcrossref = {Conference Record of the Twenty Fourth},
OPTpages = {846 849},
OPTyear = {1994},
OPTeditor = {IEEE Photovoltaic Specialists Conference}
}
@Book{Cornillon2011,
author = {P. Cornillon and E. Matzner-Lober},
editor = {Springer Paris Berlin Heidelberg New York},
title = {Régression avec R},
publisher = {Springer-Verlag France},
chapter = {Méthode des moindres carrés},
year = {2011},
address = {Département MASS Université Rennes-2-Haute-Bretagne France},
pages = {157-168},
isbn = {ISBN : 978-2-8178-0183-4}
}
@Article{Lasnier80,
	author = "F. Lasnier and T.G. Ang",
	isbn = "ISBN 0-85274-311-4",
	journal = "IOP Publishing Ltd",
	title = "Photovoltaic Engineering Handbook",
	year = "1980"
}
@Article{Bun2011,
author = {L. Bun and B. Raison and G. Rostaing and S. Bacha and A. Rumeau and al },
title = {Development of a Real Time Photovoltaic Simulator in Normal and Abnormal Operations},
journal = {IECON 2011},
year = {2011},
}
@Article{Bishop1988,
	author = {J. W. Bishop},
	title = {Computer simulation of the effects of electrical mismatches in 	photovoltaiccellinterconnection circuits
},
	journal = {Solar Cells },
	year = {1988},
	OPTpages = {73-89},
}
@Article{Herrmann2006,
	author = {M. C. Alonso-García and J. M. Ruiz and W. Herrmann},
	title = {Computer simulation of shading effects in photovoltaic arrays},
	journal = {Renewable Energy},
	year = {2006},
	OPTvolume = {31},
	OPTpages = {1986-1993},
}
@TechReport{Goetzberger1998,
	author = {A. Goetzberger and J. Knobloch and B. Vo\ss},
	title = {Crystalline silicon solar cells},
	institution = {John Wiley \& Sons},
	year = {1998}
}
@Article{Kessaissia2015,
	author = {F.Z. Kessaissia and A. Zegaoui and A. Hadj Arab and L. Loukarfi and M. Aillerie},
	title = {Comparison of Two PV Modules Technologies Using Analytical and Experimental 		Methods},
	journal = {Energy Procedia},
	year = {2015},
	OPTvolume = {74},
	OPTpages = {389-397},
}
@Article{Maa16,
	author = {J. Maa and Z. Bia and T. O.Tingb and S.Haoc and W.Haoa},
	title = {Comparative performance on photovoltaic model parameter identification via bio-inspired algorithms},
	journal = {Solar Energy},
	year = {2016},
	OPTvolume = {132},
	OPTpages = {606-6016},
}
@phdthesis{Angel06,
	author = "Angel Cid Pastor",
	booktitle = "Th{\`e}se de docteur",
	school = "Institut National des Sciences Appliqu{\'e}es de Toulouse",
	title = "Conception et r{\'e}alisation de modules photovoltaïques {\'e}lectroniques ",
	year = "2006"
}

@article{Donque71,
	author = "G. Donque",
	journal = "Revue de Geographie",
	title = "Ébauche de la Classification des climats de Madagascar selon les Critères de Köppen",
	pages ="107-121",
	year = "1971"
}

@phdthesis{Navarro08,
	author = "Navarro, Jos{\'e} Miguel",
	booktitle = "Th{\`e}se de doctorat",
	school = "Universit{\'e} Toulouse III - Paul Sabatier",
	title = "Cellules Photovoltaïques Organiques Transparentes Dans Le Visible",
	year = "2008"
}

@phdthesis{Bun11,
	author = "Long Bun",
	booktitle = "{Thèse de doctorat}",
	month = nov,
	school = "Université de Grenoble",
	title = "{Détection et localisation de défauts dans un système photovoltaïque}",
	year = "2011"
}

@inproceedings{Kaushika03,
	author = "N. D. Kaushika and N. K. Gautam ",
	booktitle = "Energy Conversion, IEEE Transactions", 
	pages = "127-134",
	title = "{Energy yield simulations of interconnected solar PV arrays}",
	volume = "18",
	year = "2003"
}

@article{Damien10,
	author = "Damien Picault and Bertrand Raison and Seddik Bacha and Jorge Aguilera and Juan De La Casa",
	title = "Changing photovoltaic array interconnections to reduce mismatch losses: a case study",
	journal = "Environment and Electrical Engineering (EEEIC), 2010 9th International Conference on",
	pages = "37-40",
	year = "2010",
	isbn = "ISBN 978-1-4244-5371-9",
}

@article{Fadat05,
	author = "J. Fadat",
	title = "Chaîne de Conversion d’Energie Photovoltaïque, Commande MPPT",	
	journal = "Revue 3EI, N°43",
    year={2005},
    publisher={ESIEE-Amiens},
    address={France},
}

@book{Mansour11,
	author="Mansour Assani Dahouenon",
	title="Le manuel du technicien photovoltaïque",
	publisher={PERACOD},
	address={Dakar},
	year="2011",
}

@article{Wang11,
title = "An investigation on partial shading of \{PV\} modules with different connection configurations of \{PV\} cells ",
journal = "Energy ",
volume = "36",
number = "5",
pages = "3069 - 3078",
year = "2011",
note = "",
issn = "0360-5442",
doi = "http://dx.doi.org/10.1016/j.energy.2011.02.052",
url = "http://www.sciencedirect.com/science/article/pii/S0360544211001484",
author = "Yaw-Juen Wang and Po-Chun Hsu",
keywords = "Connection configurations",
keywords = "Partial shading",
keywords = "Photovoltaic cells",
keywords = "Solar energy "
}

@article{Pareek14,
title = "Output Power Maximization of Partially Shaded 4*4 \{PV\} Field by Altering its Topology ",
journal = "Energy Procedia ",
volume = "54",
number = "0",
pages = "116 - 126",
year = "2014",
note = "4th International Conference on Advances in Energy Research (ICAER 2013) ",
issn = "1876-6102",
doi = "http://dx.doi.org/10.1016/j.egypro.2014.07.254",
url = "http://www.sciencedirect.com/science/article/pii/S187661021401131X",
author = "Smita Pareek and Ratna Dahiya",
keywords = "Array",
keywords = "Mismatch Losses",
keywords = "Partial Shading",
keywords = "Topology ",
}

@article{Murtaza14,
title = "A maximum power point tracking technique based on bypass diode mechanism for \{PV\} arrays under partial shading ",
journal = "Energy and Buildings ",
volume = "73",
number = "0",
pages = "13 - 25",
year = "2014",
note = "",
issn = "0378-7788",
doi = "http://dx.doi.org/10.1016/j.enbuild.2014.01.018",
url = "http://www.sciencedirect.com/science/article/pii/S0378778814000565",
author = "Ali Murtaza and Marcello Chiaberge and Filippo Spertino and Diego Boero and Mirko De Giuseppe",
keywords = "Photovoltaic (PV)",
keywords = "Maximum power point tracking (MPPT)",
keywords = "Partial shading effects",
keywords = "Bypass diodes "
}
@article{Zheng14,
title = "Shading and bypass diode impacts to energy extraction of \{PV\} arrays under different converter configurations ",
journal = "Renewable Energy ",
volume = "68",
number = "0",
pages = "58 - 66",
year = "2014",
note = "",
issn = "0960-1481",
doi = "http://dx.doi.org/10.1016/j.renene.2014.01.025",
url = "http://www.sciencedirect.com/science/article/pii/S0960148114000548",
author = "Huiying Zheng and Shuhui Li and Rajab Challoo and Julio Proano",
keywords = "Solar photovoltaic system",
keywords = "Uneven shading",
keywords = "Central converter",
keywords = "String converter",
keywords = "Microinverter",
keywords = "Bypass diode "
}
@article{Silvestre09,
title = "Study of bypass diodes configuration on PV modules ",
journal = "Applied Energy ",
volume = "86",
number = "9",
pages = "1632 - 1640",
year = "2009",
note = "",
issn = "0306-2619",
doi = "http://dx.doi.org/10.1016/j.apenergy.2009.01.020",
url = "http://www.sciencedirect.com/science/article/pii/S0306261909000269",
author = "S. Silvestre and A. Boronat and A. Chouder",
keywords = "Bypass diodes",
keywords = "Hot spot",
keywords = "Modelling",
keywords = "Simulation",
keywords = "PV modules "
}

@book{Favennec09,
	author = "Favennec J.P. and Adedjoumon C. and Duhamel B. and Girl J. and Gilles H. and Tronche A.",
	month = "D{\'e}cembre",
	title = "{L{\rq}{\'e}nergie en Afrique {\`a} l{\rq}horizon 2050}",
	publisher="Agence Française de Développement et Banque Africaine de Développement",
	year = "2009",
	adress = "Paris,",
}

@book{Saminiriana14,
title = "Etude sur l'énergi à Madagascar",
author = "Amélie VONINIRINA and Saminirina ANDRIAMBELOSOA",
month ="janvier",
publisher={Centre de rechers, d'études et d'apui à l'analyse économique à Madagascar},
year = "2014",
}

@article{Patsalides2016526,
title = "A generic transient \{PV\} system model for power quality studies ",
journal = "Renewable Energy ",
volume = "89",
number = "",
pages = "526 - 542",
year = "2016",
note = "",
issn = "0960-1481",
doi = "http://dx.doi.org/10.1016/j.renene.2015.12.003",
url = "http://www.sciencedirect.com/science/article/pii/S0960148115305073",
author = "Minas Patsalides and Venizelos Efthymiou and Andreas Stavrou and George E. Georghiou",
keywords = "\{PV\} systems",
keywords = "Power quality",
keywords = "PV system model",
keywords = "Transient studies",
keywords = "Balanced/unbalanced conditions",
keywords = "Harmonics ",
}
@article{Barth201687,
title = "\{PV\} panel single and double diode models: Optimization of the parameters and temperature dependence ",
journal = "Solar Energy Materials and Solar Cells ",
volume = "148",
number = "",
pages = "87 - 98",
year = "2016",
note = "Solar Cells and Storage ",
issn = "0927-0248",
doi = "http://dx.doi.org/10.1016/j.solmat.2015.09.003",
url = "http://www.sciencedirect.com/science/article/pii/S0927024815004365",
author = "Nicolas Barth and Raka Jovanovic and Saïd Ahzi and Mohammad A. Khaleel",
keywords = "Photovoltaics (PV)",
keywords = "Evolutionary algorithms",
keywords = "PV cell electrical parameters extraction",
keywords = "Temperature effects",
keywords = "Particle swarm optimization (PSO)",
keywords = "Cuckoo search (CS) ",
}
@article{Charfi2016,
title = "Modeling and cost analysis for different PV/battery/diesel operating options driving a load in Tunisia, Jordan and \{KSA\} ",
journal = "Sustainable Cities and Society ",
volume = "",
number = "",
pages = " - ",
year = "2016",
note = "",
issn = "2210-6707",
doi = "http://dx.doi.org/10.1016/j.scs.2016.02.006",
url = "http://www.sciencedirect.com/science/article/pii/S2210670716300191",
author = "Sana Charfi and Ahmad Atieh and Maher Chaabene",
keywords = "Battery storage",
keywords = "Diesel generator",
keywords = "PV",
keywords = "Renewable energy sources modeling",
keywords = "Renewable energy system cost analysis "
}

@article{Liu2011,
title = "A general modeling method for I–V characteristics of geometrically and electrically configured photovoltaic arrays ",
journal = "Energy Conversion and Management ",
volume = "52",
number = "12",
pages = "3439 - 3445",
year = "2011",
note = "",
issn = "0196-8904",
doi = "http://dx.doi.org/10.1016/j.enconman.2011.07.011",
url = "http://www.sciencedirect.com/science/article/pii/S0196890411002020",
author = "Guangyu Liu and Sing Kiong Nguang and Ashton Partridge",
keywords = "Modeling",
keywords = "Photovoltaic",
keywords = "Mismatch",
keywords = "Variability ",
}
@article{Punitha2013,
title = "Artificial neural network based modified incremental conductance algorithm for maximum power point tracking in photovoltaic system under partial shading conditions ",
journal = "Energy ",
volume = "62",
number = "",
pages = "330 - 340",
year = "2013",
note = "",
issn = "0360-5442",
doi = "http://dx.doi.org/10.1016/j.energy.2013.08.022",
url = "http://www.sciencedirect.com/science/article/pii/S036054421300697X",
author = "K. Punitha and D. Devaraj and S. Sakthivel",
keywords = "Photovoltaic power generation",
keywords = "Maximum power point tracking",
keywords = "Neural network",
keywords = "Partial shading",
keywords = "FPGA ",
}
@article{Alonso2006,
title = "Analysis and modelling the reverse characteristic of photovoltaic cells ",
journal = "Solar Energy Materials and Solar Cells ",
volume = "90",
number = "7–8",
pages = "1105 - 1120",
year = "2006",
note = "",
issn = "0927-0248",
doi = "http://dx.doi.org/10.1016/j.solmat.2005.06.006",
url = "http://www.sciencedirect.com/science/article/pii/S0927024805002199",
author = "M.C. Alonso-García and J.M. Ruiz",
keywords = "Characterisation",
keywords = "Modelling",
keywords = "Reverse-bias",
keywords = "Hot-spot ",
}
@article{Goss2014,
title = "Irradiance modelling for individual cells of shaded solar photovoltaic arrays ",
journal = "Solar Energy ",
volume = "110",
number = "",
pages = "410 - 419",
year = "2014",
note = "",
issn = "0038-092X",
doi = "http://dx.doi.org/10.1016/j.solener.2014.09.037",
url = "http://www.sciencedirect.com/science/article/pii/S0038092X14004770",
author = "Brian Goss and Ian Cole and Thomas Betts and Ralph Gottschalg",
keywords = "Solar",
keywords = "PV",
keywords = "Photovoltaic",
keywords = "Shading",
keywords = "Mismatch",
keywords = "Irradiance ",
}
@article{Shirzadi2014,
title = "Mismatch losses minimization in photovoltaic arrays by arranging modules applying a genetic algorithm ",
journal = "Solar Energy ",
volume = "108",
number = "",
pages = "467 - 478",
year = "2014",
note = "",
issn = "0038-092X",
doi = "http://dx.doi.org/10.1016/j.solener.2014.08.005",
url = "http://www.sciencedirect.com/science/article/pii/S0038092X14003818",
author = "Samad Shirzadi and H. Hizam and Noor Izzri Abdul Wahab",
keywords = "Mismatch losses",
keywords = "Genetic algorithm",
keywords = "Module sorting techniques",
keywords = "Photovoltaic ",
}
@article{Zheng2014,
title = "Shading and bypass diode impacts to energy extraction of \{PV\} arrays under different converter configurations ",
journal = "Renewable Energy ",
volume = "68",
number = "",
pages = "58 - 66",
year = "2014",
note = "",
issn = "0960-1481",
doi = "http://dx.doi.org/10.1016/j.renene.2014.01.025",
url = "http://www.sciencedirect.com/science/article/pii/S0960148114000548",
author = "Huiying Zheng and Shuhui Li and Rajab Challoo and Julio Proano",
keywords = "Solar photovoltaic system",
keywords = "Uneven shading",
keywords = "Central converter",
keywords = "String converter",
keywords = "Microinverter",
keywords = "Bypass diode ",
}
@article{Diaz2014,
title = "Discrete I–V model for partially shaded PV-arrays ",
journal = "Solar Energy ",
volume = "103",
number = "",
pages = "96 - 107",
year = "2014",
note = "",
issn = "0038-092X",
doi = "http://dx.doi.org/10.1016/j.solener.2014.01.037",
url = "http://www.sciencedirect.com/science/article/pii/S0038092X14000668",
author = "Eloy Diaz-Dorado and José Cidrás and Camilo Carrillo",
keywords = "Photovoltaic systems",
keywords = "Photovoltaic cells",
keywords = "Partial shading ",
}
@article{Wurster2014,
title = "Mismatch loss in photovoltaic systems ",
journal = "Solar Energy ",
volume = "105",
number = "",
pages = "505 - 511",
year = "2014",
note = "",
issn = "0038-092X",
doi = "http://dx.doi.org/10.1016/j.solener.2014.04.014",
url = "http://www.sciencedirect.com/science/article/pii/S0038092X14001996",
author = "Thomas S. Wurster and Markus B. Schubert",
keywords = "Mismatch",
keywords = "Maximum power point tracking",
keywords = "MPPT",
keywords = "Partial shading",
keywords = "PV system ",
}
@article{Fornies2013,
title = "The influence of mismatch of solar cells on relative power loss of photovoltaic modules ",
journal = "Solar Energy ",
volume = "97",
number = "",
pages = "39 - 47",
year = "2013",
note = "",
issn = "0038-092X",
doi = "http://dx.doi.org/10.1016/j.solener.2013.08.004",
url = "http://www.sciencedirect.com/science/article/pii/S0038092X13003149",
author = "Eduardo Forniés and Fernando Naranjo and Manuel Mazo and Fernando Ruiz",
keywords = "Mismatch",
keywords = "Relative power loss",
keywords = "Solar cell association",
keywords = "PV modules ",
}
@article{Ishaque2011,
title = "Modeling and simulation of photovoltaic (PV) system during partial shading based on a two-diode model ",
journal = "Simulation Modelling Practice and Theory ",
volume = "19",
number = "7",
pages = "1613 - 1626",
year = "2011",
note = "",
issn = "1569-190X",
doi = "http://dx.doi.org/10.1016/j.simpat.2011.04.005",
url = "http://www.sciencedirect.com/science/article/pii/S1569190X11000608",
author = "Kashif Ishaque and Zainal Salam and Hamed Taheri and Syafaruddin",
keywords = "\{PV\} module",
keywords = "Partial shading",
keywords = "Two-diode model",
keywords = "Local maxima",
keywords = "Global maxima ",
}
@article{Meliones2014,
title = "A web-based three-tier control and monitoring application for integrated facility management of photovoltaic systems ",
journal = "Applied Computing and Informatics ",
volume = "10",
number = "1–2",
pages = "14 - 37",
year = "2014",
note = "",
issn = "2210-8327",
doi = "http://dx.doi.org/10.1016/j.aci.2014.04.003",
url = "http://www.sciencedirect.com/science/article/pii/S2210832714000118",
author = "Apostolos Meliones and Spyros Apostolacos and Angeliki Nouvaki",
keywords = "Control center",
keywords = "Control service back-end",
keywords = "Control and monitoring system",
keywords = "Integrated facility management system",
keywords = "Solar park",
keywords = "Photovoltaic system",
keywords = "Photovoltaic plant management system ",
}
@incollection{Breitenstein2013,
title = "Chapter One - The Physics of Industrial Crystalline Silicon Solar Cells ",
editor = "Gerhard P. Willeke and Eicke R. Weber",
booktitle = "Advances in Photovoltaics: Part 2",
publisher = "Elsevier",
year = "2013",
volume = "89",
pages = "1 - 75",
series = "Semiconductors and Semimetals ",
issn = "0080-8784",
doi = "http://dx.doi.org/10.1016/B978-0-12-381343-5.00001-X",
url = "http://www.sciencedirect.com/science/article/pii/B978012381343500001X",
author = "Otwin Breitenstein",
keywords = "Physical description",
keywords = "Modeling",
keywords = "Silicon wafer",
keywords = "Multicrystalline",
keywords = "Current–voltage characteristic",
keywords = "Imaging techniques",
keywords = "Lock-in thermography",
keywords = "Electroluminescence",
keywords = "Photoluminescence ",
}
@article{Zegaoui2012,
title = "Experimental Validation of Photovoltaic Direct and Reverse Mode Model. Influence of Partial Shading ",
journal = "Energy Procedia ",
volume = "18",
number = "",
pages = "1247 - 1253",
year = "2012",
note = "Terragreen 2012: Clean Energy Solutions for Sustainable Environment (CESSE) ",
issn = "1876-6102",
doi = "http://dx.doi.org/10.1016/j.egypro.2012.05.140",
url = "http://www.sciencedirect.com/science/article/pii/S1876610212009101",
author = "Abdallah Zegaoui and Pierre Petit and Michel Aillerie and Jean-Paul Sawicki and Jean-Pierre Charles",
keywords = "\{PV\} cell behaviour",
keywords = "Implicit Model",
keywords = "Direct and Reverse biased modes Modeling",
keywords = "Two half \{PV\} Cell",
keywords = "Partial Shading ",
}
@article{Belhachat2015,
title = "Modeling, analysis and comparison of solar photovoltaic array configurations under partial shading conditions ",
journal = "Solar Energy ",
volume = "120",
number = "",
pages = "399 - 418",
year = "2015",
note = "",
issn = "0038-092X",
doi = "http://dx.doi.org/10.1016/j.solener.2015.07.039",
url = "http://www.sciencedirect.com/science/article/pii/S0038092X15004107",
author = "F. Belhachat and C. Larbes",
keywords = "Photovoltaic array configurations",
keywords = "Partial shading",
keywords = "Series–Parallel",
keywords = "Bridge-Linked",
keywords = "Honey-Comb",
keywords = "Total-Cross-Tied ",
}
@article{Carotenuto2015,
title = "An evolutionary approach to the dynamical reconfiguration of photovoltaic fields ",
journal = "Neurocomputing ",
volume = "170",
number = "",
pages = "393 - 405",
year = "2015",
note = "Advances on Biological Rhythmic Pattern Generation: Experiments, Algorithms and ApplicationsSelected Papers from the 2013 International Conference on Intelligence Science and Big Data Engineering (IScIDE 2013)Computational Energy Management in Smart Grids ",
issn = "0925-2312",
doi = "http://dx.doi.org/10.1016/j.neucom.2015.04.094",
url = "http://www.sciencedirect.com/science/article/pii/S0925231215008681",
author = "P.L. Carotenuto and A. Della Cioppa and A. Marcelli and G. Spagnuolo",
keywords = "Photovoltaic systems",
keywords = "Maximum power production",
keywords = "Dynamical reconfiguration ",
}
@article{Jena2015,
title = "Modeling of photovoltaic system for uniform and non-uniform irradiance: A critical review ",
journal = "Renewable and Sustainable Energy Reviews ",
volume = "52",
number = "",
pages = "400 - 417",
year = "2015",
note = "",
issn = "1364-0321",
doi = "http://dx.doi.org/10.1016/j.rser.2015.07.079",
url = "http://www.sciencedirect.com/science/article/pii/S1364032115007261",
author = "Debashisha Jena and Vanjari Venkata Ramana",
keywords = "Modeling",
keywords = "Uniform irradiance",
keywords = "Non-uniform irradiance",
keywords = "Photovoltaic (PV) array ",
}

@article{Bonsignore2014,
title = "Neuro-Fuzzy Fault Detection Method for Photovoltaic Systems ",
journal = "Energy Procedia ",
volume = "62",
number = "",
pages = "431 - 441",
year = "2014",
note = "6th International Conference on Sustainability in Energy and Buildings, SEB-14 ",
issn = "1876-6102",
doi = "http://dx.doi.org/10.1016/j.egypro.2014.12.405",
url = "http://www.sciencedirect.com/science/article/pii/S1876610214034365",
author = "Luca Bonsignore and Mehrdad Davarifar and Abdelhamid Rabhi and Giuseppe M. Tina and Ahmed Elhajjaji",
keywords = "Photovoltaic system",
keywords = "Fault diagnosis",
keywords = "Neuro-Fuzzy model",
keywords = "I-V characteristic analysis",
keywords = "Norm-test "
}
@article{Hu2013,
title = "Photovoltaic fault detection using a parameter based model ",
journal = "Solar Energy ",
volume = "96",
number = "",
pages = "96 - 102",
year = "2013",
note = "",
issn = "0038-092X",
doi = "http://dx.doi.org/10.1016/j.solener.2013.07.004",
url = "http://www.sciencedirect.com/science/article/pii/S0038092X13002697",
author = "Yihua Hu and Bin Gao and Xueguan Song and Gui Yun Tian and Kongjing Li and Xiangning He",
keywords = "\{PV\} module",
keywords = "Parameter based model",
keywords = "Fault diagnosis",
keywords = "Model validation "
}
@article{Silvestre2013,
title = "Automatic fault detection in grid connected \{PV\} systems ",
journal = "Solar Energy ",
volume = "94",
number = "",
pages = "119 - 127",
year = "2013",
note = "",
issn = "0038-092X",
doi = "http://dx.doi.org/10.1016/j.solener.2013.05.001",
url = "http://www.sciencedirect.com/science/article/pii/S0038092X13001849",
author = "Santiago Silvestre and Aissa Chouder and Engin Karatepe",
keywords = "\{PV\} systems",
keywords = "Fault detection",
keywords = "Diagnostic "
}
@article{Kim2016,
title = "On-line fault detection algorithm of a photovoltaic system using wavelet transform ",
journal = "Solar Energy ",
volume = "126",
number = "",
pages = "137 - 145",
year = "2016",
note = "",
issn = "0038-092X",
doi = "http://dx.doi.org/10.1016/j.solener.2016.01.005",
url = "http://www.sciencedirect.com/science/article/pii/S0038092X16000086",
author = "il-Song Kim",
keywords = "Wavelet transform",
keywords = "Fault detection",
keywords = "Photovoltaic system",
keywords = "Islanding detection "
}
@article{Chine2016,
title = "A novel fault diagnosis technique for photovoltaic systems based on artificial neural networks ",
journal = "Renewable Energy ",
volume = "90",
number = "",
pages = "501 - 512",
year = "2016",
note = "",
issn = "0960-1481",
doi = "http://dx.doi.org/10.1016/j.renene.2016.01.036",
url = "http://www.sciencedirect.com/science/article/pii/S0960148116300362",
author = "W. Chine and A. Mellit and V. Lughi and A. Malek and G. Sulligoi and A. Massi Pavan",
keywords = "photovoltaics",
keywords = "Fault detection",
keywords = "Fault diagnosis",
keywords = "ANN",
keywords = "FPGA "
}
@article{Serdio2016,
title = "Detecting clipping in photovoltaic solar plants using fuzzy systems on the feature space ",
journal = "Solar Energy ",
volume = "132",
number = "",
pages = "345 - 356",
year = "2016",
note = "",
issn = "0038-092X",
doi = "http://dx.doi.org/10.1016/j.solener.2016.03.013",
url = "http://www.sciencedirect.com/science/article/pii/S0038092X16001961",
author = "Francisco Serdio Fernández and Miguel Angel Muñoz-García and Susanne Saminger-Platz",
keywords = "Power limiting",
keywords = "Clipping",
keywords = "Fault detection",
keywords = "Fuzzy system",
keywords = "Feature space",
keywords = "Sliding window "
}
@article{Wu2016,
title = "Fault detection for nonlinear networked systems based on quantization and dropout compensation: An interval type-2 fuzzy-model method ",
journal = "Neurocomputing ",
volume = "191",
number = "",
pages = "409 - 420",
year = "2016",
note = "",
issn = "0925-2312",
doi = "http://dx.doi.org/10.1016/j.neucom.2016.01.061",
url = "http://www.sciencedirect.com/science/article/pii/S0925231216001600",
author = "Chengwei Wu and Hongyi Li and Hak-Keung Lam and Hamid Reza Karimi",
keywords = "Nonlinear networked systems",
keywords = "Parameter uncertainties",
keywords = "Fuzzy systems",
keywords = "Fault detection filter "
}
@article{Ventura2016,
title = "Utility scale photovoltaic plant indices and models for on-line monitoring and fault detection purposes ",
journal = "Electric Power Systems Research ",
volume = "136",
number = "",
pages = "43 - 56",
year = "2016",
note = "",
issn = "0378-7796",
doi = "http://dx.doi.org/10.1016/j.epsr.2016.02.006",
url = "http://www.sciencedirect.com/science/article/pii/S0378779616300128",
author = "Cristina Ventura and Giuseppe Marco Tina",
keywords = "Monitoring",
keywords = "Nun-Uniformity Index",
keywords = "Data quality check",
keywords = "Models",
keywords = "Utility scale photovoltaic plant "
}
@article{Braun2016,
title = "Topology reconfiguration for optimization of photovoltaic array output ",
journal = "Sustainable Energy, Grids and Networks ",
volume = "6",
number = "",
pages = "58 - 69",
year = "2016",
note = "",
issn = "2352-4677",
doi = "http://dx.doi.org/10.1016/j.segan.2016.01.003",
url = "http://www.sciencedirect.com/science/article/pii/S2352467716000047",
author = "H. Braun and S.T. Buddha and V. Krishnan and C. Tepedelenlioglu and A. Spanias and M. Banavar and D. Srinivasan",
keywords = "Photovoltaic systems",
keywords = "Fault tolerant systems",
keywords = "Condition monitoring "
}

@article{Takashima20091079,
title = "Experimental studies of fault location in \{PV\} module strings ",
journal = "Solar Energy Materials and Solar Cells ",
volume = "93",
number = "6–7",
pages = "1079 - 1082",
year = "2009",
note = "17th International Photovoltaic Science and Engineering Conference ",
issn = "0927-0248",
doi = "http://dx.doi.org/10.1016/j.solmat.2008.11.060",
url = "http://www.sciencedirect.com/science/article/pii/S0927024808004583",
author = "Takumi Takashima and Junji Yamaguchi and Kenji Otani and Takashi Oozeki and Kazuhiko Kato and Masayoshi Ishida",
keywords = "\{PV\} system diagnosis",
keywords = "Fault location",
keywords = "Earth capacitance measurement",
keywords = "Time-domain reflectometry "
}
@article{Chine201499,
title = "Fault detection method for grid-connected photovoltaic plants ",
journal = "Renewable Energy ",
volume = "66",
number = "",
pages = "99 - 110",
year = "2014",
note = "",
issn = "0960-1481",
doi = "http://dx.doi.org/10.1016/j.renene.2013.11.073",
url = "http://www.sciencedirect.com/science/article/pii/S0960148113006617",
author = "W. Chine and A. Mellit and A. Massi Pavan and S.A. Kalogirou",
keywords = "\{GCPV\} plant",
keywords = "Power loss",
keywords = "Fault detection",
keywords = "Diagnostic "
}
@article{Mirsaeidi20161,
title = "Fault location and isolation in micro-grids using a digital central protection unit ",
journal = "Renewable and Sustainable Energy Reviews ",
volume = "56",
number = "",
pages = "1 - 17",
year = "2016",
note = "",
issn = "1364-0321",
doi = "http://dx.doi.org/10.1016/j.rser.2015.10.162",
url = "http://www.sciencedirect.com/science/article/pii/S1364032115012940",
author = "Sohrab Mirsaeidi and Dalila Mat Said and Mohammad Wazir Mustafa and Mohammad Hafiz Habibuddin and Kimia Ghaffari",
keywords = "Micro-grid",
keywords = "Central protection unit",
keywords = "Grid-connected mode",
keywords = "Islanded mode",
keywords = "Fault location",
keywords = "Fault isolation "
}

