@article{depriester2014thermomechanical,
  title={Thermomechanical modelling of a {NiTi} {SMA} sample submitted to displacement-controlled tensile test},
  author={Depriester, Dorian and Maynadier, Anne and Lavernhe-Taillard, Karine and Hubert, Olivier},
  journal={International Journal of Solids and Structures},
  volume={51},
  number={10},
  pages={1901--1922},
  year={2014},
  publisher={Elsevier}
}
@article{A:01,
	author={Benbouzid, M. and Kliman, G.},
	author={G. B. Kliman},
	title={What stator current processing based technique to use for induction motor rotor faults diagnosis},
	journal={Energy Conversion, IEEE Transactions on},
	year={2003},
	volume={18},
	pages={238--244},
}
@article{B:01, 
author={Henao, H. and Razik, H. and Capolino, G.-A.}, 
journal={Industry Applications, IEEE Transactions on}, 
title={Analytical approach of the stator current frequency harmonics computation for detection of induction machine rotor faults}, 
year={2005},  
volume={41}, 
number={3}, 
pages={801-807}, 
}

@article{C:01, 
author={Jee-Hoon Jung and Lee Jong-Jae and Bong-Hwan Kwon}, 
journal={Industrial Electronics, IEEE Transactions on}, 
title={Online Diagnosis of Induction Motors Using MCSA}, 
year={2006},  
volume={53}, 
number={6}, 
pages={1842-1852}, 
}
@article{D:01,
author = {Pineda-Sánchez, Manuel and Riera-Guasp, Martin and Antonino-Daviu, Jose A. and Roger-Folch, Jose and Perez-Cruz, Juan and Puche-Panadero, Ruben},
journal = {IEEE T. Instrumentation and Measurement},
number = 8,
pages = {2065-2075},
volume = 59,
year = 2010
}

@article{E:01, 
author={Benbouzid, M.E.H. and Vieira, M. and Theys, C.}, 
journal={Power Electronics, IEEE Transactions on}, 
title={Induction motors' faults detection and localization using stator current advanced signal processing techniques}, 
year={1999},  
volume={14}, 
number={1}, 
pages={14-22}, 
}

@book{F:01, 
author={Bellini, A. and Filippetti, F. and Casadei, D. and Yazidi, A. and Capolino, G.}, 
booktitle={Industry Applications Conference, 2006. 41st IAS Annual Meeting. Conference Record of the 2006 IEEE}, 
title={Monitoring of Induction Machines currents by high frequency resolution analysis}, 
year={2006}, 
volume={5}, 
pages={2320-2325}, 
}

%@article{I:01, 
author={Thomson, W.T. and Fenger, M.}, 
journal={Industry Applications Magazine, IEEE}, 
title={Current signature analysis to detect induction motor faults}, 
year={2001},  
volume={7}, 
number={4}, 
pages={26-34}, 
}

@article{J:01, 
author={Thomson, W.T.}, 
booktitle={Electric Machines and Drives Conference, 2001. IEMDC 2001. IEEE International}, 
title={On-line MCSA to diagnose shorted turns in low voltage stator windings of 3-phase induction motors prior to failure}, 
year={2001},  
pages={891-898}, 
}

@article{K:01, 
author={Sahraoui, M. and Zouzou, S.E. and Ghoggal, A. and Guedidi, S.}, 
booktitle={Electrical Machines (ICEM), 2010 XIX International Conference on}, 
title={A new method to detect inter-turn short-circuit in induction motors}, 
year={2010},  
pages={1-6}, 
}
@article{L:01,
title = {An improved combination of Hilbert and Park transforms for fault detection and identification in three-phase induction motors },
journal = {International Journal of Electrical Power \& Energy Systems },
volume = {43},
number = {1},
pages = {1006 - 1016},
year = {2012},
author = {Khmais Bacha and Samira Ben Salem and Abdelkader Chaari},
}

@article{S:01, 
author={El Bouchikhi, E.-H. and Choqueuse, V. and Benbouzid, M. and Antonino-Daviu, J.A.}, 
booktitle={Green Energy, 2014 International Conference on}, 
title={Stator current demodulation for induction machine rotor faults diagnosis}, 
year={2014},  
pages={176-181}, 
}

@article{T:01,
  author = {Hu, Niao-Qing and Xia, Lu-Rui and Gu, Feng-Shou and Qin, Guo-Jun},
  journal = {IEEE T. Instrumentation and Measurement},
  number = 2,
  pages = {480-487},
  title = {A Novel Transform Demodulation Algorithm for Motor Incipient Fault Detection.},
  volume = 60,
  year = 2011,
}

@article{V:01,
year={2007},
journal={Electrical Engineering},
volume={89},
number={3},
publisher={Springer-Verlag},
author={Jiménez, Guillermo A. and Muñoz, Alfredo O. and Duarte-Mermoud, Manuel A.},
pages={205--220},
}

@article{X:01, 
author={Riera-Guasp, M. and Antonino-Daviu, J.A. and Pineda-Sanchez, M. and Puche-Panadero, R. and Perez-Cruz, J.}, 
journal={Industrial Electronics, IEEE Transactions on}, 
title={A General Approach for the Transient Detection of Slip-Dependent Fault Components Based on the Discrete Wavelet Transform}, 
year={2008}, 
volume={55}, 
number={12}, 
pages={4167-4180}, 
}

@article{Y:01, 
author={Hassan, M.A. and Bayoumi, A.-M.E. and Yong-June Shin}, 
journal={Instrumentation and Measurement, IEEE Transactions on}, 
title={Quadratic-Nonlinearity Index Based on Bicoherence and its Application in Condition Monitoring of Drive-Train Components}, 
year={2014}, 
volume={63}, 
number={3}, 
pages={719-728}, 
}

@article{Z:01, 
author={Mendel, J.M.}, 
journal={Proceedings of the IEEE}, 
title={Tutorial on higher-order statistics (spectra) in signal processing and system theory: theoretical results and some applications}, 
year={1991}, 
volume={79}, 
number={3}, 
pages={278-305}, 
}

@article{AB:1, 
author={Nikias, C.L. and Mendel, J.M.}, 
journal={Signal Processing Magazine, IEEE}, 
title={Signal processing with higher-order spectra}, 
year={1993},  
volume={10}, 
number={3}, 
pages={10-37}, 
}

@article{O:01,
  title = {{Etude Comparative des Techniques de Traitement du Signal Non- Stationnaires D{\'e}di{\'e}es au Diagnostic des G{\'e}n{\'e}ratrices Asynchrones dans les Eoliennes Offshores et les Hydroliennes}},
  author = {El Bouchikhi, El Houssin and Choqueuse, Vincent and Benbouzid, Mohamed and Charpentier, Jean-Frederic},
  booktitle = {{Electrotechnique du Futur - EF 2011}},
  pages = {1-10},
 year = {2011},
}

@article{AC:01, 
author={Nikias, C.L. and Raghuveer, Mysore R.}, 
journal={Proceedings of the IEEE}, 
title={Bispectrum estimation: A digital signal processing framework}, 
year={1987},  
volume={75}, 
number={7}, 
pages={869-891}, 
}
@article{Abl:45,
	author={B.C. Able},
	title={The examination of cell nuclei},
	journal={Birches. J.},
	year={1945},
	volume={35},
	pages={123--126},
}

@article{Abl:56,
	author={B.C. Able},
	title={Nucleic acid content of microscope},
	journal={Nature},
	year={1956},
	volume={135},
	pages={7--9},
}

@incollection{AbTaRu:54,
	author={B.C. Able and R.A. Tagg and M. Rush},
	title={Enzyme-catalyzed cellular transanimations},
	pages={125--247},
	editor={A.F. Round},
	publisher={Academic  Press},
	year={1954},
	volume={2},
	booktitle={Advances in Enzymology},
	address={New York},
	edition={3rd},
}

@book{Bak:63a,
	author={R.C. Baker},
	title={Microscopic Staining Techniques},
	publisher={Butterworths},
	year={1963},
	address={London},
}

@article{Bak:63b,
	author={R.C. Baker},
	title={Methods of preparing thin-section slides},
	journal={J. Brit. Med. Assoc.},
	year={1963},
	volume={34},
	pages={184--186},
}

@book{Heritage:92,
      editor={A. H. Soukhanov},
	title="{The American Heritage. Dictionary of the American Language}",
	publisher={Houghton Mifflin Company},
	year={1992},

}

@article{ChaRou:66,
	author={F.H. Charlie and M.B. Routh},
	title={The Chemical Destination of Toxins},
	journal={J. Am. Chem. Soc.},
	year={1966},
	volume={66},
	pages={267--269},
}

@incollection{Dog:58,
	author={P.R. Dog},
	title={},
	booktitle={Chemical Carcinogenesis},
	publisher={Chapman \& Hall},
	year={1958},
	editor={R.W. Brown},
	chapter={7},
	volume={II},
	pages={56--98},
	address={London},
}

@book{Keo:58,
	author={R. Keohane},
	title={Power and Interdependence: World Politics in Transitions},
	publisher={Little, Brown \& Co.},
	year={1958},
	address={Boston},
}

@article{Pow:85,
	author={T. Powers},
	title={Is there a way out?},
	journal={Harpers},
	year={1985},
	pages={35--47},
	month=jun,
}


@misc{Sol:89,
	author={Solo},
	year={1989},
}

